@article{Kwon2019,
   author = {Kwon, Eun Sook and King, Karen Whitehill and Nyila, Greg and Reid, Leonard N},
   year = {2019},
   month = {March},
   pages = {99-128},
   title = {Impact of Media Context On Advertising Memory. A Meta-Analysis Of Advertising Effectiveness},
   volume = {104},
   journal = {Journal of Advertising Research},
}

@article{Wang2011,
   author = {Wang, Alex},
   year = {2011},
   month = {06},
   pages = {50-64},
   title = {The contextual relevance effect on financial advertising},
   volume = {16},
   journal = {Journal of Financial Services Marketing},
   doi = {10.1057/fsm.2011.2}
}

@article{Ephron2006,
   author = {Ephron, E},
   year = {2006},
   title = {Want Engagement? Make a More Engaging Ad},
   volume = {16},
   issue = {3},
   journal = {Media Week},
}

@inproceedings{Wang2016,
   author = {Wang, Yi-Chia and Burke, Moira and Kraut, Robert},
   year = {2016},
   month = {02},
   pages = {74-85},
   title = {Modeling Self-Disclosure in Social Networking Sites},
   booktitle = {Proceedings of the 19th ACM Conference on Computer-Supported Cooperative Work \& Social Computing},
   doi = {10.1145/2818048.2820010}
}
@article{Gambetti2010,
   author = {Gambetti, Rossella and Graffigna, Guendalina},
   year = {2010},
   month = {11},
   pages = {801-826},
   title = {The Concept of Engagement: A Systematic Analysis of the Ongoing Marketing Debate},
   volume = {52},
   journal = {INTERNATIONAL JOURNAL OF MARKET RESEARCH},
   doi = {10.2501/S1470785310201661}
}

@article{Wang2006,
   author = {Wang, Alex},
   year = {2006},
   month = {12},
   pages = {},
   title = {Advertising Engagement: A Driver of Message Involvement on Message Effects},
   volume = {46},
   journal = {Journal of Advertising Research - JAR},
   doi = {10.2501/S0021849906060429}
}

@article{str2016,
   author = {St\v{r}\'{\i}tesk\'{y}, V\'{a}clav and Stritesky, Marek and Quigley, Martin and \v{R}\'{\i}ha, David},
   year = {2016},
   month = {06},
   pages = {1-18},
   title = {Significance of Demographic Variables for Targeting of Internet Advertisements},
   volume = {14},
   journal = {Business, Management and Education},
   doi = {10.3846/bme.2016.277}
}
@article{kaspar2019,
   author = {Kaspar, Kai and Weber, Sarah and Wilbers, Anne-Kathrin},
   year = {2019},
   month = {02},
   pages = {e0212419},
   title = {Personally relevant online advertisements: Effects of demographic targeting on visual attention and brand evaluation},
   volume = {14},
   journal = {PLOS ONE},
   doi = {10.1371/journal.pone.0212419}
}
@ARTICLE{Resnick2016,
  author={Resnick, Marc L. and Albert, William},
  journal={Interacting with Computers}, 
  title={The Influences of Design Esthetic, Site Relevancy and Task Relevancy on Attention to Banner Advertising}, 
  year={2016},
  volume={28},
  number={5},
  pages={680-694},
  doi={10.1093/iwc/iwv042}
}
@article{Hamborg2012,
   author = {Hamborg, Kai-Christoph and Bruns, M. and Ollermann, Frank and Kaspar, Kai},
   year = {2012},
   month = {03},
   pages = {576-582},
   title = {The effect of banner animation on fixation behavior and recall performance in search tasks},
   volume = {28},
   journal = {Computers in Human Behavior},
   doi = {10.1016/j.chb.2011.11.003}
}

@article{Kaspar2011,
    doi = {10.1371/journal.pone.0021719},
    author = {Kaspar, Kai AND König, Peter},
    journal = {PLOS ONE},
    publisher = {Public Library of Science},
    title = {Overt Attention and Context Factors: The Impact of Repeated Presentations, Image Type, and Individual Motivation},
    year = {2011},
    month = {07},
    volume = {6},
    url = {https://doi.org/10.1371/journal.pone.0021719},
    pages = {1-15},
    number = {7},
}

@article{Bargh1982,
   author = {Bargh, John},
   year = {1982},
   month = {01},
   pages = {425-436},
   title = {Attention and automaticity in the processing of self-relevant information.},
   volume = {43},
   journal = {Journal of Personality and Social Psychology},
   doi = {10.1037//0022-3514.43.3.425}
}

@article{Jansen2013,
   title = {Evaluating the performance of demographic targeting using gender in sponsored search},
   journal = {Information Processing \& Management},
   volume = {49},
   number = {1},
   pages = {286-302},
   year = {2013},
   issn = {0306-4573},
   doi = {https://doi.org/10.1016/j.ipm.2012.06.001},
   url = {https://www.sciencedirect.com/science/article/pii/S0306457312000738},
   author = {Bernard J. Jansen and Kathleen Moore and Stephen Carman},
   keywords = {Sponsored search, Keyword advertising, Pay-per-click, PPC, Online advertising, Search engine marketing, Gender targeting, Demographic profiling},
}

@Misc{gcp:cc,
   author =   {Google},
   title =    {Classifying Content API},
   howpublished = {\url{https://cloud.google.com/natural-language/docs/classifying-text}},
   year = {2017}
}

@article{Teixeira2015,
   author = {Thales S. Teixeira},
   year = {2015},
   month = {10},
   title = {When People Pay Attention to Video Ads and Why},
   journal = {Harvard Business Review},
   url = {https://hbr.org/2015/10/when-people-pay-attention-to-video-ads-and-why},
}

@article{Chatpong2016,
   author = {Tangmanee, Chatpong},
   year = {2016},
   month = {06},
   pages = {49-76},
   title = {Fixation and recall of YouTube ad banners: An eye-tracking study},
   volume = {7},
   journal = {International Journal of Electronic Commerce Studies},
   doi = {10.7903/ijecs.1404}
}

@inproceedings{Djamasbi2010,
  author = {Djamasbi, Soussan and Siegel, Marisa and Tullis, Thomas and Dai, Rui},
   year = {2010},
   month = {02},
   pages = {1 - 10},
   title = {Efficiency, Trust, and Visual Appeal: Usability Testing through Eye Tracking},
   booktitle = {In System Sciences (HICSS), 2010 43rd Hawaii International Conference},
   doi = {10.1109/HICSS.2010.171}
}

@mastersthesis{Lapa2007,
   author = {Chad Lapa},
   title = {Using eye tracking to understand banner blindness and improve website design},
   publisher = {Rochester Institute of Technology},
   address = {},
   year = {2007}
}

@article{Resnick2014,
   author = {Resnick, Marc and Albert, William},
   year = {2014},
   month = {01},
   pages = {},
   title = {The Impact of Advertising Location and User Task on The Emergence of Banner Ad Blindness: An Eye Tracking Study},
   volume = {30},
   journal = {International Journal of Human-Computer Interaction},
   doi = {10.1080/10447318.2013.847762}
}

@article{Barreto2013,
   author = {Barreto, Ana},
   year = {2013},
   month = {05},
   pages = {},
   title = {Do users look at banner ads on Facebook?},
   volume = {7},
   journal = {Journal of Research in Interactive Marketing},
   doi = {10.1108/JRIM-Mar-2012-0013}
}

@article{Hervet2011,
   author = {Hervet, Guillaume and Guérard, Katherine and Tremblay, Sébastien and Chtourou, Mohamed},
   year = {2011},
   month = {09},
   pages = {708 - 716},
   title = {Is Banner Blindness Genuine? Eye Tracking Internet Text Advertising},
   volume = {25},
   journal = {Applied Cognitive Psychology},
   doi = {10.1002/acp.1742}
}

@inproceedings{Ganguly2011,
   author = {Ganguly, Debasis and Leveling, Johannes and Jones, Gareth},
   year = {2011},
   month = {10},
   pages = {},
   title = {Utilizing sub-topical structure of documents for Information Retrieval},
   journal = {International Conference on Information and Knowledge Management, Proceedings},
   doi = {10.1145/2065003.2065019}
}

@inbook{LongKuhlChun2018,
   author = {Long, Nicole and Kuhl, Brice and Chun, Marvin},
   year = {2018},
   month = {01},
   pages = {1-37},
   title = {Stevens' Handbook of Experimental Psychology and Cognitive Neuroscience},
   publisher = {John Wiley & Sons, Inc.},
   chapter = {Memory and Attention},
   doi = {10.1002/9781119170174.epcn109}
}

@article{Scott2017,
   author = {Scott, Noel and Zhang, Rui and Le, Dung and Moyle, Brent},
   year = {2017},
   month = {08},
   pages = {},
   title = {A review of eye-tracking research in tourism},
   volume = {22},
   journal = {Current Issues in Tourism},
   doi = {10.1080/13683500.2017.1367367}
}


@online{iabv2,
  author = {Flood, Kevi and Agnew, Noel},
  title = {IAB TECH LAB ANNOUNCES FINAL CONTENT TAXONOMY V2 READY FOR ADOPTION},
  year = 2017,
  url = {https://iabtechlab.com/blog/iab-tech-lab-announces-final-content-taxonomy-v2-ready-for-adoption/},
  urldate = {November 30, 2017}
} 

@misc{verity, 
   title={GumGum's Groundbreaking Contextual Analysis Solution for Digital Publishers Makes Official Debut}, 
   author = {Garrison, Nick and Goldberg, Laura},
   year = {2020},
   url={https://www.businesswire.com/news/home/20200115005272/en/GumGum%E2%80%99s-Groundbreaking-Contextual-Analysis-Solution-for-Digital-Publishers-Makes-Official-Debut}, 
   journal={Business Wire}
}

@misc{pxyz,
   title={ATTENTION TIME: REDEFINING HOW MARKETERS MEASURE AND OPTIMIZE ADS IN REAL TIME},
   year = {2019},
   url={https://playground.xyz/whitepaper.pdf},
}

@inproceedings{Krafka2016,
   title = {Eye Tracking for Everyone},
   author = {Krafka, Kyle and Khosla, Aditya and Kellnhofer, Petr and Kannan, Harini and Bhandarkar, Suchendra and Matusik, Wojciech and Torralba, Antonio},
   year = {2016},
   month = {06},
   pages = {},
   booktitle={IEEE Conference on Computer Vision and Pattern Recognition (CVPR)},
}

@article{Kar2020,
   AUTHOR = {Kar, Anuradha},
   TITLE = {MLGaze: Machine Learning-Based Analysis of Gaze Error Patterns in Consumer Eye Tracking Systems},
   JOURNAL = {Vision},
   VOLUME = {4},
   YEAR = {2020},
   NUMBER = {2},
   ARTICLE-NUMBER = {25},
   URL = {https://www.mdpi.com/2411-5150/4/2/25},
   PubMedID = {32392760},
   ISSN = {2411-5150}
}

@article{Blignaut2013,
   author = {Blignaut, Pieter and Wium, Dani{\"e}l},
   year = {2013},
   month = {04},
   pages = {},
   title = {Eye-tracking data quality as affected by ethnicity and experimental design},
   volume = {46},
   journal = {Behavior research methods},
   doi = {10.3758/s13428-013-0343-0}
}

@article{Dalrymple2018,
   author = {Dalrymple, Kirsten and Manner, Marie and Harmelink, Katherine and Teska, Elayne and Elison, Jed},
   year = {2018},
   month = {05},
   pages = {803},
   title = {An Examination of Recording Accuracy and Precision From Eye Tracking Data From Toddlerhood to Adulthood},
   volume = {9},
   journal = {Frontiers in Psychology},
   doi = {10.3389/fpsyg.2018.00803}
}

@article{Holmqvist2012,
   author = {Holmqvist, Kenneth and Nyström, Marcus and Mulvey, Fiona},
   year = {2012},
   month = {03},
   pages = {},
   title = {Eye tracker data quality: What it is and how to measure it},
   journal = {Eye Tracking Research and Applications Symposium (ETRA)},
   doi = {10.1145/2168556.2168563}
}

@article{ETCAL2018,
   author = {Kasprowski, Pawel and Harezlak, Katarzyna},
   year = {2018},
   month = {03},
   pages = {},
   title = {ETCAL - A versatile and extendable library for eye tracker calibration},
   volume = {8},
   journal = {SoftwareX},
   doi = {10.1016/j.softx.2017.12.005}
}

@article{Wedel2000,
   author = {Wedel, Michel and Pieters, Rik},
   year = {2000},
   month = {11},
   pages = {297-312},
   title = {Eye Fixations on Advertisements and Memory for Brands: A Model and Findings},
   volume = {19},
   journal = {Marketing Science},
   doi = {10.1287/mksc.19.4.297.11794}
}

@article{Pieters2004,
   author = {Pieters, Rik and Wedel, Michel},
   year = {2004},
   month = {05},
   pages = {36-50},
   title = {Attention Capture and Transfer in Advertising: Brand, Pictorial, and Text-Size Effects},
   volume = {68},
   journal = {Journal of Marketing},
   doi = {10.1509/jmkg.68.2.36.27794}
}
@inproceedings{Zhang2014,
   author = {Zhang, Yunfeng and Hornof, Anthony},
   year = {2014},
   month = {03},
   pages = {95-98},
   title = {Easy post-hoc spatial recalibration of eye tracking data},
   booktitle = {Eye Tracking Research and Applications Symposium (ETRA)},
   doi = {10.1145/2578153.2578166}
}
@article{Hassoumi2019,
   author = {Hassoumi, Almoctar and Peysakhovich, Vsevolod and Hurter, Christophe},
   year = {2019},
   month = {03},
   pages = {e0213675},
   title = {Improving eye-tracking calibration accuracy using symbolic regression},
   volume = {14},
   journal = {PLOS ONE},
   doi = {10.1371/journal.pone.0213675}
}
@article{Duque2014,
   author = {Duque, Almudena and Vazquez, Carmelo},
   year = {2014},
   month = {09},
   pages = {},
   title = {Double attention bias for positive and negative emotional faces in clinical depression: Evidence from an eye-tracking study},
   volume = {46},
   journal = {Journal of Behavior Therapy and Experimental Psychiatry},
   doi = {10.1016/j.jbtep.2014.09.005}
}
@article{Rudich-Strassler2022,
   author = {Rudich-Strassler, Anat and Hertz-Palmor, Nimrod and Lazarov, Amit},
   year = {2022},
   month = {02},
   pages = {},
   title = {Looks interesting: Attention allocation in depression when using a news website - An eye tracking study},
   volume = {304},
   journal = {Journal of Affective Disorders},
   doi = {10.1016/j.jad.2022.02.058}
}
@InProceedings{Kasprowski2018,
   author={Kasprowski, Pawe{\l} and Harezlak, Katarzyna},
   editor={Kozielski, Stanis{\l}aw and Mrozek, Dariusz and Kasprowski, Pawe{\l} and Ma{\l}ysiak-Mrozek, Bo{\.{z}}ena and Kostrzewa, Daniel},
   title={Biometric Identification Using Gaze and Mouse Dynamics During Game Playing},
   booktitle={Beyond Databases, Architectures and Structures. Facing the Challenges of Data Proliferation and Growing Variety},
   year={2018},
   publisher={Springer International Publishing},
   address={Cham},
   pages={494--504},
   isbn={978-3-319-99987-6}
}

@InProceedings{Harezlak2015,
   author={Harezlak, Katarzyna and Rzeszutek, Jacek and Kasprowski, Pawel},
   editor={Neves-Silva, Rui and Jain, Lakhmi C. and Howlett, Robert J.},
   title={The Eye Tracking Methods in User Interfaces Assessment},
   booktitle={Intelligent Decision Technologies},
   year={2015},
   publisher={Springer International Publishing},
   address={Cham},
   pages={325--335},
   isbn={978-3-319-19857-6}
}
@article{Brunye2019,
   author = {Bruny{\'e}, Tad and Drew, Trafton and Weaver, Donald and Elmore, Joann},
   year = {2019},
   month = {12},
   pages = {},
   title = {A review of eye tracking for understanding and improving diagnostic interpretation},
   volume = {4},
   journal = {Cognitive Research: Principles and Implications},
   doi = {10.1186/s41235-019-0159-2}
}

@article{Hooge2019,
   author = {Ignace T. C. Hooge and  Gijs A. Holleman and Nina C. Haukes and Roy S. Hessels},
   year = {2019},
   month = {},
   pages = {2712-2721},
   title = {Gaze tracking accuracy in humans: One eye is sometimes better than two},
   volume = {51},
   issue = {6},
   journal = {Behavior Research Methods},
}

@Article{Valtakari2021,
author={Valtakari, Niilo V. and Hooge, Ignace T. C. and Viktorsson, Charlotte
and Nystr{\"o}m, P{\"a}r and Falck-Ytter, Terje and Hessels, Roy S.},
  title={Eye tracking in human interaction: Possibilities and limitations},
  journal={Behavior Research Methods},
  year={2021},
  month={Aug},
  day={01},
  volume={53},
  number={4},
  pages={1592-1608}
}

@Article{Holmqvist2022,
author={Holmqvist, Kenneth
and {\"O}rbom, Saga Lee
and Hooge, Ignace TG. C.
and Niehorster, Diederick C.
and Alexander, Robert G.
and Andersson, Richard
and Benjamins, Jeroen S.
and Blignaut, Pieter
and Brouwer, Anne-Marie
and Chuang, Lewis L.
and Dalrymple, Kirsten A.
and Drieghe, Denis
and Dunn, Matt J.
and Ettinger, Ulrich
and Fiedler, Susann
and Foulsham, Tom
and van der Geest, Jos N.
and Hansen, Dan Witzner
and Hutton, Samuel B.
and Kasneci, Enkelejda
and Kingstone, Alan
and Knox, Paul C.
and Kok, Ellen M.
and Lee, Helena
and Lee, Joy Yeonjoo
and Lepp{\"a}nen, Jukka M.
and Macknik, Stephen
and Majaranta, P{\"a}ivi
and Martinez-Conde, Susana
and Nuthmann, Antje
and Nystr{\"o}m, Marcus
and Orquin, Jacob L.
and Otero-Millan, Jorge
and Park, Soon Young
and Popelka, Stanislav
and Proudlock, Frank
and Renkewitz, Frank
and Roorda, Austin
and Schulte-Mecklenbeck, Michael
and Sharif, Bonita
and Shic, Frederick
and Shovman, Mark
and Thomas, Mervyn G.
and Venrooij, Ward
and Zemblys, Raimondas
and Hessels, Roy S.},
  title={Eye tracking: empirical foundations for a minimal reporting guideline},
  journal={Behavior Research Methods},
  year={2022},
  month={Apr},
  day={06},
  issn={1554-3528}
}

@Article{Hornof2002,
  author={Hornof, Anthony J. and Halverson, Tim},
  title={Cleaning up systematic error in eye-tracking data by using required fixation locations},
  journal={Behavior Research Methods, Instruments, {\&} Computers},
  year={2002},
  month={Nov},
  day={01},
  volume={34},
  number={4},
  pages={592-604}
}



@article{,
   author = {},
   year = {2019},
   month = {},
   pages = {},
   title = {},
   volume = {},
   journal = {},
}


@article{,
   author = {},
   year = {2019},
   month = {},
   pages = {},
   title = {},
   volume = {},
   journal = {},
}

